@article{almeida2005,
  author       = {Almeida, N. A. M. and Medeiros, M. and Silva, C. and others},
  title        = {Utiliza\c{c}\~ao de t\'ecnicas de respira\c{c}\~ao e relaxamento para al\'{\i}vio de dor e ansiedade no processo de parturi\c{c}\~ao},
  journal      = {Revista Latino-Americana de Enfermagem},
  year         = {2005},
  volume       = {13},
  number       = {1},
  pages        = {52--58},
  doi          = {10.1590/S0104-11692005000100009}
}

@book{catecismo2000,
  author       = {{Igreja Cat\'olica}},
  title        = {Catecismo da Igreja Cat\'olica},
  edition      = {2},
  address      = {S\~ao Paulo},
  publisher    = {Loyola},
  year         = {2000}
}

@article{cortes2015,
  author       = {C\^{o}rtes, C. T. and Oliveira, S. and Santos, L. C. and Fonseca, L. M. M. and others},
  title        = {Metodologia de implementa\c{c}\~ao de pr\'aticas baseadas em evid\^encias cient\'ificas na assist\^encia ao parto normal: estudo piloto},
  journal      = {Revista da Escola de Enfermagem da USP},
  year         = {2015},
  volume       = {49},
  number       = {5},
  pages        = {716--725},
  url          = {http://www.scielo.br/pdf/reeusp/v49n5/pt_0080-6234-reeusp-49-05-0716.pdf}
}

@book{lucas1983,
  author       = {Lucas, K. H.},
  title        = {Facilita\c{c}\~ao psicol\'ogica do parto},
  edition      = {3},
  address      = {S\~ao Paulo},
  publisher    = {Manole},
  year         = {1983}
}

@book{maldonado1991,
  author       = {Maldonado, Maria Tereza},
  title        = {Psicologia da gravidez, parto e puerp\'erio},
  edition      = {12},
  address      = {Petr\'opolis},
  publisher    = {Editora Vozes},
  year         = {1991}
}

@misc{oms2018,
  author       = {{Organiza\c{c}\~ao Mundial da Sa\'ude}},
  title        = {Recomenda\c{c}\~oes da {OMS} para os cuidados durante o parto para uma experi\^encia positiva de parto},
  address      = {Genebra},
  year         = {2018}
}

@article{raja2020,
  author       = {Raja, Srinivasa N. and Carr, Daniel B. and Cohen, Milton and Finnerup, Nanna B. and Flor, Herta and Gibson, Stephen and Keefe, Francis and Mogil, Jeffrey S. and Ringkamp, Matthias and Sluka, Kathleen A. and Song, Xue-Jun and Stevens, Bradley and Sullivan, Mark D. and T\"olle, Thomas and Torta, Diana M. E. and Wiffen, Philip J. and Vader, Karin},
  title        = {The revised International Association for the Study of Pain definition of pain: concepts, challenges, and compromises},
  journal      = {Pain},
  year         = {2020},
  volume       = {161},
  number       = {9},
  pages        = {1976--1982},
  doi          = {10.1097/j.pain.0000000000001939}
}

@article{sousa2021,
  author       = {Sousa, Jessilene Braga de and Silva, Adrielen Paula Viana da and Alencar, Indiara},
  title        = {Recursos fisioterap\^euticos no manejo da dor durante o trabalho de parto: uma revis\~ao bibliogr\'afica},
  journal      = {Research, Society and Development},
  year         = {2021},
  volume       = {10},
  number       = {12},
  pages        = {e486101220610},
  doi          = {10.33448/rsd-v10i12.20610}
}
