@article{almeida2005,
  author       = {Almeida, Nilza Alves Marques and Sousa, Joaquim Tom\'e de and Bachion, Maria M\'arcia and Silveira, Nusa de Almeida},
  title        = {Utiliza\c{c}\~ao de t\'ecnicas de respira\c{c}\~ao e relaxamento para al\'{\i}vio de dor e ansiedade no processo de parturi\c{c}\~ao},
  journal      = {Revista Latino-Americana de Enfermagem},
  year         = {2005},
  month        = feb,
  volume       = {13},
  number       = {1},
  pages        = {52--58},
  doi          = {10.1590/S0104-11692005000100009},
  url          = {https://doi.org/10.1590/S0104-11692005000100009},
  urldate      = {2025-10-17}
}

@book{catecismo2000,
  author       = {{Igreja Cat\'olica}},
  title        = {Catecismo da Igreja Cat\'olica},
  edition      = {2},
  address      = {S\~ao Paulo, SP},
  publisher    = {Edi\c{c}\~oes Loyola},
  year         = {2000},
  isbn         = {9788515021529}
}

@article{cortes2015,
  author       = {C\^ortes, Clodoaldo Tentes and Santos, Rafael Cleison Silva dos and Caroci, Adriana de Souza and Oliveira, Sheyla Guimar\~aes and Oliveira, S\^onia Maria Junqueira Vasconcellos de and Riesco, Maria Luiza Gonzalez},
  title        = {Metodologia de implementa\c{c}\~ao de pr\'aticas baseadas em evid\^encias cient\'ificas na assist\^encia ao parto normal: estudo piloto},
  journal      = {Revista da Escola de Enfermagem da USP},
  year         = {2015},
  volume       = {49},
  number       = {5},
  pages        = {716--725},
  url          = {http://www.scielo.br/pdf/reeusp/v49n5/pt_0080-6234-reeusp-49-05-0716.pdf},
  urldate      = {2025-10-17}
}

@book{lucas1983,
  author       = {Lucas, Klaus Hoffmann},
  title        = {Facilita\c{c}\~ao psicol\'ogica do parto},
  edition      = {3},
  address      = {Barueri, SP},
  publisher    = {Manole},
  year         = {1983}
}

@book{maldonado1991,
  author       = {Maldonado, Maria Tereza},
  title        = {Psicologia da gravidez, parto e puerp\'erio},
  edition      = {12},
  address      = {Petr\'opolis, RJ},
  publisher    = {Vozes},
  year         = {1991}
}

@misc{oms2018,
  author       = {{Organiza\c{c}\~ao Mundial da Sa\'ude}},
  title        = {Recomenda\c{c}\~oes da {OMS} para os cuidados durante o parto para uma experi\^encia positiva de parto},
  address      = {Genebra},
  publisher    = {World Health Organization},
  year         = {2018},
  month        = feb,
  url          = {https://www.who.int/publications/i/item/9789241550215},
  urldate      = {2025-10-17},
  isbn         = {9789241550215},
  note         = {Relat\'orio eletr\^onico}
}

@book{biblia2018,
  author       = {{Igreja Cat\'olica}},
  title        = {B\'iblia Sagrada: Edi\c{c}\~ao Ave-Maria},
  edition      = {153},
  address      = {S\~ao Paulo, SP},
  publisher    = {Editora Ave-Maria},
  year         = {2018},
  isbn         = {9788527613842},
  note         = {Publica\c{c}\~ao da A\c{c}\~ao Social Claretiana}
}

@article{raja2020,
  author       = {Raja, Srinivasa N. and Carr, Daniel B. and Cohen, Milton and Finnerup, Nanna Brix and Flor, Herta and Gibson, Stephen and Keefe, Francis J. and Mogil, Jeffrey S. and Ringkamp, Matthias and Sluka, Kathleen A. and Song, Xue-Jun and Stevens, Bonnie and Sullivan, Mark D. and Tutelman, Perri R. and Ushida, Takahiro and Vader, Kyle},
  title        = {The revised International Association for the Study of Pain definition of pain: concepts, challenges, and compromises},
  journal      = {Pain},
  year         = {2020},
  volume       = {161},
  number       = {9},
  pages        = {1976--1982},
  doi          = {10.1097/j.pain.0000000000001939}
}

@article{sousa2021,
  author       = {Sousa, Jessilene Braga de and Silva, Adrielen Paula Viana da and Alencar, Indiara},
  title        = {Recursos fisioterap\^euticos no manejo da dor durante o trabalho de parto: uma revis\~ao bibliogr\'afica},
  journal      = {Research, Society and Development},
  year         = {2021},
  month        = sep,
  day          = {27},
  volume       = {10},
  number       = {12},
  pages        = {e486101220610},
  doi          = {10.33448/rsd-v10i12.20610},
  url          = {https://rsdjournal.org/index.php/rsd/article/view/20610},
  urldate      = {2025-10-17}
}

@article{miquelutti2018,
  author       = {Miquelutti, Maria Amelia and Silveira, Carla and Cecatti, Jos\'e Guilherme},
  title        = {Kinesiologic tape for labor pain control: randomized controlled trial},
  journal      = {Physiotherapy Theory and Practice},
  year         = {2018},
  pages        = {1--8},
  doi          = {10.1080/09593985.2018.1457117},
  note         = {Epub ahead of print}
}

@article{kaple2023,
  author       = {Kaple, Gayatri S. and Patil, Shubhangi},
  title        = {Effectiveness of Jacobson relaxation and Lamaze breathing techniques in the management of pain and stress during labor: an experimental study},
  journal      = {Cureus},
  year         = {2023},
  month        = {jan},
  doi          = {10.7759/cureus.33212}
}

@article{aslantas2023,
  author       = {Aslanta\c{s}, Beyza Nur and \c{C}ankaya, Seyhan},
  title        = {The effect of birth ball exercise on labor pain, delivery duration, birth comfort, and birth satisfaction: a randomized controlled study},
  journal      = {Archives of Gynecology and Obstetrics},
  year         = {2023},
  volume       = {309},
  number       = {6},
  pages        = {2459--2474},
  doi          = {10.1007/s00404-023-07115-4}
}

@article{melladogarcia2024,
  author       = {Mellado-Garc\'ia, Elena and D\'{\i}az-Rodr\'{\i}guez, Lourdes and Cort\'es-Mart\'{\i}n, Jonathan and S\'anchez-Garc\'ia, Juan Carlos and Piqueras-Sola, Beatriz and Higuero Mac\'{\i}as, Juan Carlos and Rodr\'{\i}guez-Blanque, Raquel},
  title        = {Systematic reviews and synthesis without meta-analysis on hydrotherapy for pain control in labor},
  journal      = {Healthcare},
  year         = {2024},
  volume       = {12},
  number       = {3},
  pages        = {373},
  doi          = {10.3390/healthcare12030373}
}

@article{smith2018,
  author       = {Smith, Caroline A. and Levett, Kate M. and Collins, Carmel T. and Dahlen, Hannah G. and Ee, Carolyn C. and Suganuma, Machiko},
  title        = {Massage, reflexology and other manual methods for pain management in labour},
  journal      = {Cochrane Database of Systematic Reviews},
  year         = {2018},
  number       = {3},
  doi          = {10.1002/14651858.CD009290.pub3}
}

@article{euzebioklein2022,
  author       = {Euzebio Klein, Bruna and Geremias Gouveia, Helga},
  title        = {Use of Non-Pharmacological Pain Relief Methods in Labor},
  journal      = {Cogitare Enfermagem},
  year         = {2022},
  number       = {27},
  pages        = {1--13},
  doi          = {10.5380/ce.v27i0.87101},
  url          = {http://dx.doi.org/10.5380/ce.v27i0.87101}
}

@article{park2021,
  author       = {Park, Seo-A},
  title        = {The Effect of a Breathing Relaxation Therapy for Pregnant Women with Preterm Labor Pain: A Systematic Review and Meta-Analysis},
  journal      = {Keimyung Medical Journal},
  year         = {2021},
  volume       = {40},
  number       = {1},
  pages        = {39--47},
  doi          = {10.46308/kmj.2021.00094},
  url          = {http://dx.doi.org/10.46308/kmj.2021.00094}
}

@article{hroncova2023,
  author       = {Hroncov\'a, Michaela},
  title        = {Pelvic Pain in Women After Childbirth and Physiotherapy},
  journal      = {{\v{C}}esk\'a Gynekologie},
  year         = {2023},
  volume       = {88},
  number       = {3},
  pages        = {214--220},
  doi          = {10.48095/cccg2023214},
  url          = {http://dx.doi.org/10.48095/cccg2023214}
}

@article{batista2023,
  author       = {Batista, Fabiana Andriele da Silva},
  title        = {Fisioterapia no trabalho de parto: revis\~ao},
  journal      = {Revista Brasileira de Fisioterapia P\'elvica},
  year         = {2023},
  volume       = {3},
  number       = {2},
  pages        = {60--72},
  doi          = {10.62115/rbfp.2023.3(2)60-72},
  url          = {http://dx.doi.org/10.62115/rbfp.2023.3(2)60-72}
}

@article{rocha2023,
  author       = {Rocha, Amanda Deyziane da Silva},
  title        = {Hidroterapia durante o trabalho de parto},
  journal      = {Revista Brasileira de Fisioterapia P\'elvica},
  year         = {2023},
  volume       = {3},
  number       = {2},
  pages        = {48--59},
  doi          = {10.62115/rbfp.2023.3(2)48-59},
  url          = {http://dx.doi.org/10.62115/rbfp.2023.3(2)48-59}
}

@article{dantas2022,
  author       = {Dantas, Anne Caroline dos Santos and Bomfim, Larissa Raiane Souza and Freitas, Zaira Moura da Paix\~ao},
  title        = {O uso da hidroterapia, deambula\c{c}\~ao e massagem lombossacral como m\'etodos n\~ao farmacol\'ogicos utilizados para o al\'{\i}vio da dor, no trabalho de parto e parto},
  journal      = {Research, Society and Development},
  year         = {2022},
  volume       = {11},
  number       = {17},
  pages        = {e241111738744},
  doi          = {10.33448/rsd-v11i17.38744},
  url          = {http://dx.doi.org/10.33448/rsd-v11i17.38744}
}

@article{abreu2019,
  author       = {Abreu Silva, Joselinda S\'a de Sousa and Ribeiro, Jaqueline Nolasco and Corr\^ea, Lucimara da Palma},
  title        = {Bola su\'{\i}\c{c}a no trabalho de parto: revis\~ao de literatura},
  journal      = {Brazilian Journal of Development},
  year         = {2019},
  volume       = {5},
  number       = {12},
  pages        = {32867--32876},
  doi          = {10.34117/bjdv5n12-344},
  url          = {http://dx.doi.org/10.34117/bjdv5n12-344}
}
